<?xml version="1.0" encoding="UTF-8"?><collection xmlns="http://www.loc.gov/MARC21/slim"><record><leader>00390nam--2200133-i-4500</leader><controlfield tag="001">000031603</controlfield><controlfield tag="002">20161230</controlfield><controlfield tag="005">20161230201038</controlfield><controlfield tag="008">060222s1000------------r-----000-0-eng-d</controlfield><datafield ind1=" " ind2=" " tag="080"><subfield code="a">530.16:532:517.0944:061.3(042)</subfield></datafield><datafield ind1=" " ind2=" " tag="245"><subfield code="a">Lectures in applied mathematics. vol.2:lectures on fluid mechanics</subfield></datafield><datafield ind1=" " ind2=" " tag="260"><subfield code="a">New York, Interscience Publ.,1964. Xvi + 309 P</subfield></datafield><datafield ind1=" " ind2=" " tag="700"><subfield code="a">Mark, Kac</subfield></datafield><datafield ind1=" " ind2=" " tag="852"><subfield code="a">15332</subfield></datafield></record></collection>